@Book{knuth:84,
  author = 	 {Donald E. Knuth},
  title = 	 {The {\TeX} Book},
  publisher = 	 {Addison-Wesley},
  year = 	 {1984},
  edition = 	 {15th}
}

@InCollection{boulic:91,
  author = 	 {R. Boulic and O. Renault},
  title = 	 {3D Hierarchies for Animation},
  booktitle = 	 {New Trends in Animation and Visualization},
  publisher =    {John Wiley {\&} Sons ltd.},
  year = 	 {1991},
  editor = 	 {Nadia Magnenat-Thalmann and Daniel Thalmann}
}

@InCollection{smith:99,
  author = 	 {A. Smith and B. Jones},
  title = 	 {On the Complexity of Computing},
  booktitle = 	 {Advances in Computer Science},
  pages = 	 {555--566},
  publisher =    {Publishing Press},
  year = 	 {1999},
  editor = 	 {A. B. Smith-Jones}
}

@Article{lach_lubbecke,
   AUTHOR  = {Gerald Lach and Marco E. Lubbecke},
   TITLE   = {Curriculum based course timetabling: new solutions to Udine benchmark instances},  
   YEAR    = {2010},
   JOURNAL = {Annals of Operations Research}
}

@Article{broek_hurkens,
   AUTHOR  = {J.J.J. van den Broek and C.A.J. Hurkens},
   TITLE   = {An IP-based heuristic for the post enrolment course timetabling problem of the ITC2007},  
   YEAR    = {2010},
   JOURNAL = {Annals of Operations Research}
}

@INPROCEEDINGS{Burke_abranch-andcut,
    author = {Edmund K. Burke and Jakub Mareček and Andrew J. Parkes and Hana Rudová},
    title = {A Branch-andcut Procedure for the Udine Course Timetabling},
    booktitle = {Problem, Proceedings of the 7th PATAT Conference, 2008},
    year = {2008}
}

@MISC{Gueret95buildinguniversity,
    author = {Christelle Gueret and Narendra Jussien and Patrice Boizumault and Christian Prins},
    title = {Building University timetables using Constraint Logic Programming},
    year = {1995}
}

@INPROCEEDINGS{Goltz99universitytimetabling,
    author = {Hans-Joachim Goltz and Dirk Matzke},
    title = {University Timetabling using Constraint Logic Programming},
    booktitle = {PRACTICAL ASPECTS OF DECLARATIVE LANGUAGES},
    year = {1999},
    pages = {320--334},
    publisher = {Springer-Verlag}
}

﻿@article {springerlink:10.1007/s10479-012-1081-x,
   author = {Asín Achá, Roberto and Nieuwenhuis, Robert},
   affiliation = {Universidad Católica de la Santísima Concepción, Concepción, Chile},
   title = {Curriculum-based course timetabling with SAT and MaxSAT},
   journal = {Annals of Operations Research},
   publisher = {Springer Netherlands},
   issn = {0254-5330},
   keyword = {Business and Economics},
   pages = {1-21},
   url = {http://dx.doi.org/10.1007/s10479-012-1081-x},
   note = {10.1007/s10479-012-1081-x},   year = 2010
}

@MISC{3-phaseSA,
    author = {Philipp Kostuch},
    title = {The University Course Timetabling Problem with a 3-phase approach},
    year = {2006}
}

@ARTICLE{Schaerf95asurvey,
    author = {Andrea Schaerf},
    title = {A Survey of Automated Timetabling},
    journal = {ARTIFICIAL INTELLIGENCE REVIEW},
    year = {1995},
    volume = {13},
    pages = {87--127}
}

@ARTICLE{Lewis2007:survey,
  author = {Lewis, R.},
  title = {A Survey of Metaheuristic-based Techniques for University Timetabling
	Problems},
  journal = {OR Spectrum},
  year = {2007},
  volume = {30},
  pages = {167-190},
  number = {1},
  doi = {10.1007/s00291-007-0097-0}
}


﻿@article {sa_hyper_heuristica,
   author = {Bai, Ruibin and Blazewicz, Jacek and Burke, Edmund and Kendall, Graham and McCollum, Barry},
   affiliation = {Division of Computer Science, University of Nottingham, Nottingham, NG8 1BB UK},
   title = {A simulated annealing hyper-heuristic methodology for flexible decision support},
   journal = {4OR: A Quarterly Journal of Operations Research},
   publisher = {Springer Berlin / Heidelberg},
   issn = {1619-4500},
   keyword = {Business and Economics},
   pages = {43-66},
   volume = {10},
   issue = {1},
   url = {http://dx.doi.org/10.1007/s10288-011-0182-8},
   note = {10.1007/s10288-011-0182-8},
   year = {2012}
}

@INPROCEEDINGS{Elmohamed98acomparison,
    author = {M. A. Saleh Elmohamed and Paul Coddington and Geoffrey Fox},
    title = {A comparison of annealing techniques for academic course scheduling},
    booktitle = {Lecture Notes in Computer Science},
    year = {1998}
}

@MISC{Erben95agenetic,
    author = {Wilhelm Erben and Jürgen Keppler},
    title = {A Genetic Algorithm Solving a Weekly Course-Timetabling Problem},
    year = {1995}
}

﻿@incollection {suyanto,
   author = {Suyanto},
   affiliation = {Faculty of Informatics - IT Telkom, Jl. Telekomunikasi No. 1 Terusan Buah Batu Bandung, West Java, Indonesia},
   title = {An Informed Genetic Algorithm for University Course and Student Timetabling Problems},
   booktitle = {Artifical Intelligence and Soft Computing},
   series = {Lecture Notes in Computer Science},
   editor = {Rutkowski, Leszek and Scherer, Rafal and Tadeusiewicz, Ryszard and Zadeh, Lotfi and Zurada, Jacek},
   publisher = {Springer Berlin / Heidelberg},
   isbn = {978-3-642-13231-5},
   keyword = {Computer Science},
   pages = {229-236},
   volume = {6114},
   year = {2010}
}

@article{Kanoh:2008:KGA:1460198.1460201,
 author = {Kanoh, Hitoshi and Sakamoto, Yuusuke},
 title = {Knowledge-based genetic algorithm for university course timetabling problems},
 journal = {Int. J. Know.-Based Intell. Eng. Syst.},
 issue_date = {December 2008},
 volume = {12},
 number = {4},
 month = dec,
 year = {2008},
 issn = {1327-2314},
 pages = {283--294},
 numpages = {12},
 url = {http://dl.acm.org/citation.cfm?id=1460198.1460201},
 acmid = {1460201},
 publisher = {IOS Press},
 address = {Amsterdam, The Netherlands, The Netherlands},
 keywords = {Knowledge base, genetic algorithm, interactive system, real-life problem, timetable},
} 

@INPROCEEDINGS{elloumi2008,
    author = {Abdelkarim Elloumi and Hichem Kamoun and Jacques Ferland and Abdelaziz Dammak},
    title = {A Tabu Search Procedure for Course Timetabling at a Tunisian University},
    booktitle = {Proceedings of the 7th PATAT Conference, 2008},
    year = {2008}
}

﻿@article {albetar_harmony,
   author = {Al-Betar, Mohammed and Khader, Ahamad},
   affiliation = {School of Computer Sciences, Universiti Sains Malaysia, 11800 USM Penang, Malaysia},
   title = {A harmony search algorithm for university course timetabling},
   journal = {Annals of Operations Research},
   publisher = {Springer Netherlands},
   issn = {0254-5330},
   keyword = {Business and Economics},
   pages = {3-31},
   volume = {194},
   issue = {1},
   url = {http://dx.doi.org/10.1007/s10479-010-0769-z},
   note = {10.1007/s10479-010-0769-z},
   year = {2012}
}

@INPROCEEDINGS{massoodian2008,
    author = {Soolmaz Massoodian and Afsaneh Esteki},
    title = {A Hybrid Genetic Algorithm for Curriculum Based Course Timetabling},
    booktitle = {Proceedings of the 7th PATAT Conference, 2008},
    year = {2008}
}

@incollection{Souza:2004,
 author = {Souza, Marcone Jamilson Freitas and Maculan, Nelson and Ochi, Luis Satoru},
 chapter = {A GRASP-tabu search algorithm for solving school timetabling problems},
 title = {Metaheuristics},
 editor = {Resende, Mauricio G. C. and de Sousa, Jorge Pinho and Viana, Ana},
 year = {2004},
 isbn = {1-4020-7653-3},
 pages = {659--672},
 numpages = {14},
 url = {http://dl.acm.org/citation.cfm?id=982409.982441},
 acmid = {982441},
 publisher = {Kluwer Academic Publishers},
 address = {Norwell, MA, USA},
 keywords = {GRASP, metaheuristics, school timetabling, tabu search},
} 

@MISC{Vieira_agrasp,
    author = {Arnaldo Vieira and Moura Rafael and Augusto Scaraficci},
    title = {A GRASP Strategy for a More Constrained School Timetabling Problem},
    journal = {International Journal of Operational Research 2010 - Vol. 7, No.2  pp. 152 - 170},
    year = {2010}
}

@Book{grasp_resende_ribeiro,
  author = 	 {M.G.C. Resende and C.C. Ribeiro},
  title = 	 {GRASP: Greedy Randomized Adaptive Search Procedures},
  publisher = 	 {Springer},
  year = 	 {2012},
  edition = 	 {2nd}
}

@article{Res98,
    author = {M. G. C. Resende},
    title = {{Computing approximate solutions of the maximum covering
                 problem using GRASP}},
    journal = {J. of Heuristics},
    volume = {4},
    year = {1998},
    URL = {http://www.research.att.com/~mgcr/doc/gmcov.ps.Z},
    pages = {161--171}
}

@article{FesParPitRes06a,
	author = {P. Festa and P.M. Pardalos and L.S. Pitsoulis and M.G.C. 
                  Resende},
	title = {{GRASP with path-relinking for the weighted MAXSAT problem}},
	journal = {ACM J. of Experimental Algorithmics},
	volume = {11},
	note = {article 2.4: 1-16},
	year = {2006}
}

@MISC{Souza02agrasp,
    author = {Mauricio C. de Souza and Christophe Duhamel and Celso C. Ribeiro},
    title = {A GRASP heuristic for the capacitated minimum spanning tree problem using a memory-based local search strategy},
    year = {2002}
}

@article{CDGS11b,
  author = {Ceschia, Sara and Di Gaspero, Luca and Schaerf, Andrea},
  issn = {0305-0548},
  journal = {Computers \& Operations Research},
  number = 7,
  pages = {1615-1624},
  title = {Design, Engineering, and Experimental Analysis of a Simulated Annealing Approach to the Post-Enrolment Course Timetabling Problem},
  volume = 39,
  year = {2011}
}

@misc{ctt,
	Author = {Luca Di Gaspero and Andrea Schaerf},
	Title = {Curriculum-Based Course Timetabling},
	year = {2012},
	howpublished = {\url{http://tabu.diegm.uniud.it/ctt/}}
}

@misc{itc2007,
	Author = {PATAT},
	Title = {International Timetabling Competition},
	year = {2008},
	howpublished = {\url{http://www.cs.qub.ac.uk/itc2007/}}
}

@book{Goldberg:1989,
 author = {Goldberg, David E.},
 title = {Genetic Algorithms in Search, Optimization and Machine Learning},
 year = {1989},
 isbn = {0201157675},
 edition = {1st},
 publisher = {Addison-Wesley Longman Publishing Co., Inc.},
 address = {Boston, MA, USA},
} 

@article{Kirkpatrick13051983,
author = {Kirkpatrick, S. and Gelatt, C. D. and Vecchi, M. P.}, 
title = {Optimization by Simulated Annealing}, 
volume = {220}, 
number = {4598}, 
pages = {671-680}, 
year = {1983}, 
journal = {Science} 
}

@INPROCEEDINGS{Glover96tabusearch,
    author = {Fred Glover},
    title = {Tabu search and adaptive memory programing – Advances, applications and challenges},
    booktitle = {Interfaces in Computer Science and Operations Research},
    year = {1996},
    pages = {1--75},
    publisher = {Kluwer}
}

﻿@article {pathRelinking,
   author = {Ribeiro, Celso and Resende, Mauricio},
   affiliation = {Department of Computer Science, Universidade Federal Fluminense, Rua Passo da Pátria 156, Niterói, RJ 24210-240, Brazil},
   title = {Path-relinking intensification methods for stochastic local search algorithms},
   journal = {Journal of Heuristics},
   publisher = {Springer Netherlands},
   issn = {1381-1231},
   keyword = {Mathematics and Statistics},
   pages = {193-214},
   volume = {18},
   issue = {2},
   url = {http://dx.doi.org/10.1007/s10732-011-9167-1},
   note = {10.1007/s10732-011-9167-1},
   year = {2012}
}

@inbook {grasp_paralelo,
title = {Parallel Greedy Randomized Adaptive Search Procedures},
author = {Resende, Mauricio G.C. and Ribeiro, Celso C.},
publisher = {John Wiley \& Sons, Inc.},
isbn = {9780471739388},
url = {http://dx.doi.org/10.1002/0471739383.ch14},
doi = {10.1002/0471739383.ch14},
pages = {315--346},
booktitle = {Parallel Metaheuristics},
year = {2005}
}












@ARTICLE{dorigo_aco,
        AUTHOR = "Marco Dorigo e Gianni di Caro",
        TITLE = "Ant Colony Optimization: A New Meta-Heuristic",
        PUBLISHER = "IRIDIA - Universite Libre de Bruxelas",
        ADDRESS = "Bruxelas",
        YEAR = "1999" }
@ARTICLE{dorigo_as,
        AUTHOR = "Marco Dorigo, Vittorio Maniezzo e Alberto Colorni",
        TITLE = "The Ant System: Optimization by a colony of cooperating agents",
        PUBLISHER = "IEEE Transactions on Systems, Man, and Cybernetics, PartB",
        YEAR = "1996" }
@BOOK{stutzle,
        AUTHOR = "Thomas Stutzle e Holger H. Hoos",
        TITLE = "MAX-MIN Ant System",
        PUBLISHER = "Elsevier Science",
        YEAR = "1999" }
@BOOK{bullnheimer,
        AUTHOR = "Bernd Bullnheimer",
        TITLE = "A New Rank Based Version of the Ant System - A Computational Study",
        PUBLISHER = "Vienna University",
        YEAR = "1997" }
@BOOK{gnuplot,
        AUTHOR = "Gnuplot",
        TITLE = "Manual de Refer\^encia Gnuplot",
        PUBLISHER = "GNU",
        YEAR = "2010" }
@ARTICLE{survey_schaerf,
        AUTHOR = "Andrea Schaerf",
        TITLE = "A Survey of Automated Timetabling",
        JOURNAL = "Artificial Intelligence Review",
        YEAR = "1999" }
@ARTICLE{artigo_geraldo_luiz,
        AUTHOR = "Geraldo Ribeiro Filho, Luiz Antonio Nogueira Lorena",
        TITLE = "An Integer Programming Model for the School Timetabling Problem",
        JOURNAL = "",
        YEAR = "2006" }
@ARTICLE{artigo_angelo,
        AUTHOR = "Angelo Monfroglio",
        TITLE = "Hybrid Genetic Algorithms for Timetabling",
        JOURNAL = "International Journal of Intelligent Systems",
        YEAR = "1996" }
@ARTICLE{artigo_geraldo,
        AUTHOR = "Geraldo Simonetti Bello and Maria Cristina Rangel and Maria Claudia Silva Boeres",
        TITLE = "Uma Abordagem do Problema de Programação de Grade Horária sujeito a Restrições Utilizando Coloração de Grafos",
        JOURNAL = "",
        YEAR = "2008" }
@ARTICLE{artigo_gerald_marco,
        AUTHOR = "Gerald Lach, Marco E. Lübbecke",
        TITLE = "Curriculum based course timetabling: new solutions to Udine benchmark instances",
        JOURNAL = "Springer Science+Business Media",
        YEAR = "2010" }
@ARTICLE{artigo_broek_hurkens,
        AUTHOR = "J.J.J. van den Broek, C.A.J. Hurkens",
        TITLE = "An IP-based heuristic for the post enrolment course timetabling problem of the ITC2007",
        JOURNAL = "The Author(s) 2010",
        YEAR = "2010" }
@ARTICLE{artigo_kahar_kendall,
        AUTHOR = "M.N.M. Kahar, G. Kendall",
        TITLE = "The examination timetabling problem at Universiti Malaysia Pahang: Comparison of a constructive heuristic with an existing software solution",
        JOURNAL = "European Journal of Operational Research",
        YEAR = "2010" }
@ARTICLE{artigo_burke_newall_weare,
        AUTHOR = "E. K. Burke, J. P. Newall and R. F.Weare",
        TITLE = "A Memetic Algorithm for University Exam Timetabling",
        JOURNAL = " ",
        YEAR = "2010" }
@ARTICLE{artigo_burke_qu_soghier,
        AUTHOR = "Edmund K. Burke, Rong Qu and Amr Soghier",
        TITLE = "Adaptive Selection of Heuristics for Improving Constructed Exam Timetables",
        JOURNAL = "Proceedings of the 8th International Conference on the Practice and Theory of Automated Timetabling",
        YEAR = "2010" }
@ARTICLE{artigo_dds2008,
        AUTHOR = "Fabio De Cesco, Luca Di Gaspero and Andrea Schaerf",
        TITLE = "Benchmarking Curriculum-Based Course Timetabling: Formulations, Data Formats, Instances, Validation, and Results",
        JOURNAL = " ",
        YEAR = "2008" }		
